@article{bachmann-wampfler2022,
  title={Wie wirken Schallwellen auf Pflanzen und Mikroorganismen?},
  author={Bachmann, Hans-Peter and Wampfler, Beat},
  year={2022},
  journal={Agrarforschung Schweiz},
  volume={13},
  pages={168-176}
}

@mastersthesis{schöftner2013,
  author = {Schöftner, Christina},
  title = {Musik und Pflanzen: Phytomusikologie auf dem Prüfstand},
  year = {2013},
  school = {Universität Wien},
  type = {Diplomarbeit}
}

@article{chowdhury-gupta2015,
    author  = {Anindita Roy Chowdhury and Anshu Gupta},
    title   = {Effect of Music on Plants – An Overview},
    year    = {2015},
    journal = {International Journal of Intergrative Sciences, Innovation and Technology (IJIIT)},
    volume  = {4},
    number  = {6},
    pages   = {30--34}
}

@article{gagliano2013,
    author = {Gagliano, Monica},
    title = {Green symphonies: a call for studies on acoustic communication in plants},
    year = {2012},
    journal = {Behavioral Ecology},
    volume = {24},
    number = {4},
    pages = {789-796}
}
